@article{hoare,
  title={The 1980 ACM Turing Award Lecture},
  author={Hoare, Charles Antony Richard},
  journal={Communications},
  year={1981}
}

@article{tcp,
  title={TCP ex Machina: Computer-Generated Congestion Control},
  author={Winstein, Keith and Balakrishnan, Hari}
}

@ONLINE{remy,
	title={Project Page for Remy},
	url={http://web.mit.edu/remy/}
}

@inproceedings{clark,
  title={The design philosophy of the DARPA Internet protocols},
  author={Clark, David},
  booktitle={ACM SIGCOMM Computer Communication Review},
  volume={18},
  number={4},
  pages={106--114},
  year={1988},
  organization={ACM}
}
